<record><leader>00000cas a2200000 a 4500</leader><controlfield tag="001">74814295</controlfield><controlfield tag="007">hd afb---bucu</controlfield><controlfield tag="007">hd bfb---bubu</controlfield><controlfield tag="008">061101d19091955wauwr nea     0    0eng c</controlfield><datafield ind1=" " ind2=" " tag="010"><subfield code="a">  2006252921</subfield></datafield><datafield ind1=" " ind2=" " tag="040"><subfield code="a">WAU</subfield><subfield code="b">eng</subfield><subfield code="c">WAU</subfield><subfield code="d">OCLCQ</subfield><subfield code="d">OCLCF</subfield></datafield><datafield ind1="1" ind2=" " tag="029"><subfield code="a">AU@</subfield><subfield code="b">000041034225</subfield></datafield><datafield ind1=" " ind2=" " tag="042"><subfield code="a">pcc</subfield></datafield><datafield ind1=" " ind2=" " tag="043"><subfield code="a">n-us-wa</subfield></datafield><datafield ind1="0" ind2=" " tag="130"><subfield code="a">Grant County journal (Ephrata, Wash. : 1909)</subfield></datafield><datafield ind1="1" ind2="0" tag="245"><subfield code="a">Grant County journal</subfield><subfield code="h">[microform].</subfield></datafield><datafield ind1=" " ind2=" " tag="260"><subfield code="a">Ephrata, Wash. :</subfield><subfield code="b">J.W. Chambers</subfield></datafield><datafield ind1=" " ind2=" " tag="310"><subfield code="a">Weekly</subfield></datafield><datafield ind1="0" ind2=" " tag="362"><subfield code="a">Vol. 2, no. 21 (Mar. 19, 1909)-v. 49, no. 14 (Nov. 17, 1955).</subfield></datafield><datafield ind1=" " ind2=" " tag="533"><subfield code="a">Microfilm.</subfield><subfield code="b">[Seattle, Wash.] :</subfield><subfield code="c">Filmed by University of Washington Library.</subfield><subfield code="e">microfilm reels ; 35 mm.</subfield><subfield code="n">Filmed with: Grant County daily journal.</subfield></datafield><datafield ind1=" " ind2="0" tag="651"><subfield code="a">Ephrata (Wash.)</subfield><subfield code="v">Newspapers.</subfield></datafield><datafield ind1=" " ind2="7" tag="655"><subfield code="a">Newspapers.</subfield><subfield code="2">fast</subfield><subfield code="0">(OCoLC)fst01423814</subfield></datafield><datafield ind1=" " ind2="7" tag="651"><subfield code="a">Washington (State)</subfield><subfield code="z">Ephrata.</subfield><subfield code="2">fast</subfield><subfield code="0">(OCoLC)fst01222710</subfield></datafield><datafield ind1=" " ind2=" " tag="752"><subfield code="a">United States</subfield><subfield code="b">Washington</subfield><subfield code="c">Grant</subfield><subfield code="d">Ephrata.</subfield></datafield><datafield ind1="1" ind2=" " tag="776"><subfield code="c">Original</subfield><subfield code="w">(DLC)sn 87093179</subfield><subfield code="w">(OCoLC)17164868</subfield></datafield><datafield ind1="0" ind2="0" tag="780"><subfield code="t">Ephrata journal</subfield></datafield><datafield ind1="0" ind2="0" tag="785"><subfield code="t">Grant County daily journal</subfield><subfield code="w">(DLC)  2006252922</subfield><subfield code="w">(OCoLC)42467623</subfield></datafield></record>